@article{siga2021,
title = {{Caracterizaci{\'o}n se usuarios y partes interesadas}},
author = {SIGA UNAL},
journal = {{Presentaci{\'o}n institucional}},
pages = {1-45},
year = {2021}
}

@article{SETE,
title = {{Sistema de {\'E}tica - SETE}},
author = {DANE},
journal = {{Departamento Administrativo Nacional de Estadística - DANE}},
pages = {1-95},
year = {2020}
}

@article{Registros,
title = {{Gu{\'i}a para la elaboraci{\'o}n de metadatos de registros administrativos}},
author = {DANE},
journal = {{Departamento Administrativo Nacional de Estadística - DANE}},
pages = {1-11},
year = {2018}
}

@article{RegistrosDAFP,
title = {{Registros Administrativos y operaciones estadísticas de Función Pública}},
author = {DAFP},
journal = {{Departamento Administrativo de la Funci{\'o}n P{\'u}blica - DAFP}},
pages = {1-11},
year = {2018}
}

